@incollection{drachen2013game,
  title={Game data mining},
  author={Drachen, Anders and Thurau, Christian and Togelius, Julian and Yannakakis, Georgios N and Bauckhage, Christian},
  booktitle={Game analytics},
  pages={205--253},
  year={2013},
  publisher={Springer}
}

@article{miller2012gdc,
  title={GDC 2012: How Valve made Team Fortress 2 free-to-play},
  author={Miller, Patrick},
  journal={Gamasutra. Haettu},
  volume={7},
  pages={2012},
  year={2012}
}

@article{lee2018game,
  title={Game data mining competition on churn prediction and survival analysis using commercial game log data},
  author={Lee, Eunjo and Jang, Yoonjae and Yoon, Du-Mim and Jeon, JiHoon and Yang, Seong-il and Lee, Sang-Kwang and Kim, Dae-Wook and Chen, Pei Pei and Guitart, Anna and Bertens, Paul and  Periáñez, África and Hadiji, Fabian and Müller, Marc and Joo, Young and Lee, junJiyeon and Hwang, Inchon and Kim, Kyung-Joong},
  journal={IEEE Transactions on Games},
  volume={11},
  number={3},
  pages={215--226},
  year={2018},
  publisher={IEEE}
}

@article{fawcett2006introduction,
  title={An introduction to ROC analysis},
  author={Fawcett, Tom},
  journal={Pattern recognition letters},
  volume={27},
  number={8},
  pages={861--874},
  year={2006},
  publisher={Elsevier}
}

@article{article,
author = {Powers, David},
year = {2008},
month = {01},
pages = {},
title = {Evaluation: From Precision, Recall and F-Factor to ROC, Informedness, Markedness and Correlation},
volume = {2},
journal = {Mach. Learn. Technol.}
}

@inproceedings{Goutte2005API,
  title={A Probabilistic Interpretation of Precision, Recall and F-Score, with Implication for Evaluation},
  author={Cyril Goutte and {\'E}ric Gaussier},
  booktitle={ECIR},
  year={2005}
}

@misc{wiki:f2p,
    author = "{Wikipedia contributors}",
    title = "Free-to-play --- {Wikipedia}{,} The Free Encyclopedia",
    year = "2020",
    howpublished = "\url{https://en.wikipedia.org/w/index.php?title=Free-to-play&oldid=965292994}",
    note = "[Online; accessed 10-July-2020]"
}

@misc{SwrveNewPlayerReport,
    author = "{Swrve}",
    title = "The April 2014 New Players Report",
    year = "2014",
    howpublished = "\url{https://www.swrve.com/resources/weblog/the-april-2014-new-players-report}",
    note = ""
}

@InProceedings{10.1007/978-3-030-27355-2_10,
author="Flunger, Robert
and Mladenow, Andreas
and Strauss, Christine",
editor="Younas, Muhammad
and Awan, Irfan
and Benbernou, Salima",
title="Game Analytics on Free to Play",
booktitle="Big Data Innovations and Applications",
year="2019",
publisher="Springer International Publishing",
address="Cham",
pages="133--141",
abstract="This contribution refers to a prosperous digital business segment, i.e. gaming business. We identify game analytics aspects with a focus on analytical and predictive models for free to play (F2P) business models. The main areas of interest in this category are player churn prediction and customer lifetime value (CLV) prediction. Additionally, our study discusses why small and medium-sized developers should use game analytic tools. Based on a literature review we analyse three categories regarding game analytics: the first one describes motivations for small and medium sized game developers to use game analytic tools; the second one contains six studies discussing churn prediction models in F2P games; the third one contains four studies on prediction of customers' lifetime value.",
isbn="978-3-030-27355-2"
}

@inproceedings{lee2016predicting,
  title={Predicting churn in mobile free-to-play games},
  author={Lee, Sang-Kwang and Hong, Seung-Jin and Yang, Seong-Il and Lee, Hunjoo},
  booktitle={2016 International Conference on Information and Communication Technology Convergence (ICTC)},
  pages={1046--1048},
  year={2016},
  organization={IEEE}
}

@inproceedings{sifa2015predicting,
  title={Predicting purchase decisions in mobile free-to-play games},
  author={Sifa, Rafet and Hadiji, Fabian and Runge, Julian and Drachen, Anders and Kersting, Kristian and Bauckhage, Christian},
  booktitle={Eleventh Artificial Intelligence and Interactive Digital Entertainment Conference},
  year={2015}
}

@inproceedings{runge2014churn,
  title={Churn prediction for high-value players in casual social games},
  author={Runge, Julian and Gao, Peng and Garcin, Florent and Faltings, Boi},
  booktitle={2014 IEEE conference on Computational Intelligence and Games},
  pages={1--8},
  year={2014},
  organization={IEEE}
}

@inproceedings{perianez2016churn,
  title={Churn prediction in mobile social games: Towards a complete assessment using survival ensembles},
  author={Peri{\'a}{\~n}ez, {\'A}frica and Saas, Alain and Guitart, Anna and Magne, Colin},
  booktitle={2016 IEEE International Conference on Data Science and Advanced Analytics (DSAA)},
  pages={564--573},
  year={2016},
  organization={IEEE}
}

@inproceedings{tamassia2016predicting,
  title={Predicting player churn in destiny: A Hidden Markov models approach to predicting player departure in a major online game},
  author={Tamassia, Marco and Raffe, William and Sifa, Rafet and Drachen, Anders and Zambetta, Fabio and Hitchens, Michael},
  booktitle={2016 IEEE Conference on Computational Intelligence and Games (CIG)},
  pages={1--8},
  year={2016},
  organization={IEEE}
}

@article{martinez2020machine,
  title={A machine learning framework for customer purchase prediction in the non-contractual setting},
  author={Mart{\'\i}nez, Andr{\'e}s and Schmuck, Claudia and Pereverzyev Jr, Sergiy and Pirker, Clemens and Haltmeier, Markus},
  journal={European Journal of Operational Research},
  volume={281},
  number={3},
  pages={588--596},
  year={2020},
  publisher={Elsevier}
}

@INPROCEEDINGS{6932876,
  author={F. {Hadiji} and R. {Sifa} and A. {Drachen} and C. {Thurau} and K. {Kersting} and C. {Bauckhage}},
  booktitle={2014 IEEE Conference on Computational Intelligence and Games}, 
  title={Predicting player churn in the wild}, 
  year={2014},
  volume={},
  number={},
  pages={1-8},
}

@article{breiman1996bagging,
  title={Bagging predictors},
  author={Breiman, Leo},
  journal={Machine learning},
  volume={24},
  number={2},
  pages={123--140},
  year={1996},
  publisher={Springer}
}

@article{breiman2001random,
  title={Random forests},
  author={Breiman, Leo},
  journal={Machine learning},
  volume={45},
  number={1},
  pages={5--32},
  year={2001},
  publisher={Springer}
}

@book{breiman1984classification,
  title={Classification and regression trees},
  author={Breiman, Leo and Friedman, Jerome and Stone, Charles J and Olshen, Richard A},
  year={1984},
  publisher={CRC press}
}

@article{freund1999short,
  title={A short introduction to boosting},
  author={Freund, Yoav and Schapire, Robert and Abe, Naoki},
  journal={Journal-Japanese Society For Artificial Intelligence},
  volume={14},
  number={771-780},
  pages={1612},
  year={1999},
  publisher={JAPANESE SOC ARTIFICIAL INTELL}
}

@inproceedings{chen2016xgboost,
  title={Xgboost: A scalable tree boosting system},
  author={Chen, Tianqi and Guestrin, Carlos},
  booktitle={Proceedings of the 22nd acm sigkdd international conference on knowledge discovery and data mining},
  pages={785--794},
  year={2016}
}

@misc{tommy2018baggingandboosting,
author = {Huang, Tommy},
title = {機器學習: Ensemble learning之Bagging、Boosting和AdaBoost},
howpublished = {\url{https://medium.com/@chih.sheng.huang821/%E6%A9%9F%E5%99%A8%E5%AD%B8%E7%BF%92-ensemble-learning%E4%B9%8Bbagging-boosting%E5%92%8Cadaboost-af031229ebc3}},
note = {[Online; accessed 10-July-2020]},
}

@inproceedings{semenov2016performance,
  title={Performance of machine learning algorithms in predicting game outcome from drafts in Dota 2},
  author={Semenov, Aleksandr and Romov, Peter and Korolev, Sergey and Yashkov, Daniil and Neklyudov, Kirill},
  booktitle={International Conference on Analysis of Images, Social Networks and Texts},
  pages={26--37},
  year={2016},
  organization={Springer}
}

@inproceedings{janusz2017helping,
  title={Helping AI to Play Hearthstone: AAIA'17 Data Mining Challenge},
  author={Janusz, Andrzej and Tajmajer, Tomasz and {\'S}wiechowski, Maciej},
  booktitle={2017 Federated Conference on Computer Science and Information Systems (FedCSIS)},
  pages={121--125},
  year={2017},
  organization={IEEE}
}

@article{chawla2002smote,
  title={SMOTE: synthetic minority over-sampling technique},
  author={Chawla, Nitesh V and Bowyer, Kevin W and Hall, Lawrence O and Kegelmeyer, W Philip},
  journal={Journal of artificial intelligence research},
  volume={16},
  pages={321--357},
  year={2002}
}

@inproceedings{chinchor1993muc,
  title={MUC-5 evaluation metrics},
  author={Chinchor, Nancy and Sundheim, Beth M},
  booktitle={Fifth Message Understanding Conference (MUC-5): Proceedings of a Conference Held in Baltimore, Maryland, August 25-27, 1993},
  year={1993}
}

@book{tukey1977exploratory,
  title={Exploratory data analysis},
  author={Tukey, John W},
  volume={2},
  year={1977},
  publisher={Reading, MA}
}

@article{wu2008top,
  title={Top 10 algorithms in data mining},
  author={Wu, Xindong and Kumar, Vipin and Quinlan, J Ross and Ghosh, Joydeep and Yang, Qiang and Motoda, Hiroshi and McLachlan, Geoffrey J and Ng, Angus and Liu, Bing and Philip, S Yu and Zhou, Zhi-Hua and Steinbach, Michael and Hand, David J. and Steinberg, Dan},
  journal={Knowledge and information systems},
  volume={14},
  number={1},
  pages={1--37},
  year={2008},
  publisher={Springer}
}

@article{Bilogur2018,
  doi = {10.21105/joss.00547},
  url = {https://doi.org/10.21105/joss.00547},
  year = {2018},
  publisher = {The Open Journal},
  volume = {3},
  number = {22},
  pages = {547},
  author = {Aleksey Bilogur},
  title = {Missingno: a missing data visualization suite},
  journal = {Journal of Open Source Software}
}

@incollection{chawla2009data,
  title={Data mining for imbalanced datasets: An overview},
  author={Chawla, Nitesh V},
  booktitle={Data mining and knowledge discovery handbook},
  pages={875--886},
  year={2009},
  publisher={Springer}
}

@ARTICLE{4309452,
  author={I. Tomek},
  journal={IEEE Transactions on Systems, Man, and Cybernetics}, 
  title={Two Modifications of CNN}, 
  year={1976},
  volume={SMC-6},
  number={11},
  pages={769-772},
  }

@article{smith2014instance,
  title={An instance level analysis of data complexity},
  author={Smith, Michael R and Martinez, Tony and Giraud-Carrier, Christophe},
  journal={Machine learning},
  volume={95},
  number={2},
  pages={225--256},
  year={2014},
  publisher={Springer}
}


@inproceedings{batista2003balancing,
  title={Balancing Training Data for Automated Annotation of Keywords: a Case Study.},
  author={Batista, Gustavo EAPA and Bazzan, Ana LC and Monard, Maria Carolina},
  booktitle={WOB},
  pages={10--18},
  year={2003}
}

@article{liu2008exploratory,
  title={Exploratory undersampling for class-imbalance learning},
  author={Liu, Xu-Ying and Wu, Jianxin and Zhou, Zhi-Hua},
  journal={IEEE Transactions on Systems, Man, and Cybernetics, Part B (Cybernetics)},
  volume={39},
  number={2},
  pages={539--550},
  year={2008},
  publisher={IEEE}
}

@book{brownlee2020imbalanced,
  title={Imbalanced Classification with Python: Better Metrics, Balance Skewed Classes, Cost-Sensitive Learning},
  author={Brownlee, J.},
  url={https://books.google.com.tw/books?id=jaXJDwAAQBAJ},
  year={2020},
  publisher={Machine Learning Mastery}
}

@inproceedings{kubat1997learning,
  title={Learning when negative examples abound},
  author={Kubat, Miroslav and Holte, Robert and Matwin, Stan},
  booktitle={European Conference on Machine Learning},
  pages={146--153},
  year={1997},
  organization={Springer}
}

@inproceedings{armbrust2015spark,
  title={Spark sql: Relational data processing in spark},
  author={Armbrust, Michael and Xin, Reynold S and Lian, Cheng and Huai, Yin and Liu, Davies and Bradley, Joseph K and Meng, Xiangrui and Kaftan, Tomer and Franklin, Michael J and Ghodsi, Ali and Zaharia, Matei},
  booktitle={Proceedings of the 2015 ACM SIGMOD international conference on management of data},
  pages={1383--1394},
  year={2015}
}


@software{michael_waskom_2020_3767070,
  author       = {Michael Waskom and
                  Olga Botvinnik and
                  Joel Ostblom and
                  Maoz Gelbart and
                  Saulius Lukauskas and
                  Paul Hobson and
                  David C Gemperline and
                  Tom Augspurger and
                  Yaroslav Halchenko and
                  John B. Cole and
                  Jordi Warmenhoven and
                  Julian de Ruiter and
                  Cameron Pye and
                  Stephan Hoyer and
                  Jake Vanderplas and
                  Santi Villalba and
                  Gero Kunter and
                  Eric Quintero and
                  Pete Bachant and
                  Marcel Martin and
                  Kyle Meyer and
                  Corban Swain and
                  Alistair Miles and
                  Thomas Brunner and
                  Drew O'Kane and
                  Tal Yarkoni and
                  Mike Lee Williams and
                  Constantine Evans and
                  Clark Fitzgerald and
                  Brian},
  title        = {mwaskom/seaborn:  v0.10.1 (April 2020)},
  month        = apr,
  year         = 2020,
  publisher    = {Zenodo},
  version      = {v0.10.1},
  doi          = {10.5281/zenodo.3767070},
  url          = {https://doi.org/10.5281/zenodo.3767070}
}

@software{jeff_reback_2020_3715232,
  author       = {Jeff Reback and
                  Wes McKinney and
                  jbrockmendel and
                  Joris Van den Bossche and
                  Tom Augspurger and
                  Phillip Cloud and
                  gfyoung and
                  Sinhrks and
                  Adam Klein and
                  Matthew Roeschke and
                  Simon Hawkins and
                  Jeff Tratner and
                  Chang She and
                  William Ayd and
                  Terji Petersen and
                  Marc Garcia and
                  Jeremy Schendel and
                  Andy Hayden and
                  MomIsBestFriend and
                  Vytautas Jancauskas and
                  Pietro Battiston and
                  Skipper Seabold and
                  chris-b1 and
                  h-vetinari and
                  Stephan Hoyer and
                  Wouter Overmeire and
                  alimcmaster1 and
                  Kaiqi Dong and
                  Christopher Whelan and
                  Mortada Mehyar},
  title        = {pandas-dev/pandas: Pandas 1.0.3},
  month        = mar,
  year         = 2020,
  publisher    = {Zenodo},
  version      = {v1.0.3},
  doi          = {10.5281/zenodo.3715232},
  url          = {https://doi.org/10.5281/zenodo.3715232}
}

@InProceedings{ mckinney-proc-scipy-2010,
  author    = { {W}es {M}c{K}inney },
  title     = { {D}ata {S}tructures for {S}tatistical {C}omputing in {P}ython },
  booktitle = { {P}roceedings of the 9th {P}ython in {S}cience {C}onference },
  pages     = { 56 - 61 },
  year      = { 2010 },
  editor    = { {S}t\'efan van der {W}alt and {J}arrod {M}illman },
  doi       = { 10.25080/Majora-92bf1922-00a }
}

@article{scikit-learn,
 title={Scikit-learn: Machine Learning in {P}ython},
 author={Pedregosa, F. and Varoquaux, G. and Gramfort, A. and Michel, V.
         and Thirion, B. and Grisel, O. and Blondel, M. and Prettenhofer, P.
         and Weiss, R. and Dubourg, V. and Vanderplas, J. and Passos, A. and
         Cournapeau, D. and Brucher, M. and Perrot, M. and Duchesnay, E.},
 journal={Journal of Machine Learning Research},
 volume={12},
 pages={2825--2830},
 year={2011}
}

@inproceedings{sklearn_api,
  author    = {Lars Buitinck and Gilles Louppe and Mathieu Blondel and
               Fabian Pedregosa and Andreas Mueller and Olivier Grisel and
               Vlad Niculae and Peter Prettenhofer and Alexandre Gramfort
               and Jaques Grobler and Robert Layton and Jake VanderPlas and
               Arnaud Joly and Brian Holt and Ga{\"{e}}l Varoquaux},
  title     = {{API} design for machine learning software: experiences from the scikit-learn
               project},
  booktitle = {ECML PKDD Workshop: Languages for Data Mining and Machine Learning},
  year      = {2013},
  pages = {108--122},
}

@inproceedings{davis2006relationship,
  title={The relationship between Precision-Recall and ROC curves},
  author={Davis, Jesse and Goadrich, Mark},
  booktitle={Proceedings of the 23rd international conference on Machine learning},
  pages={233--240},
  year={2006}
}

@article{XGBoostTemporalData,
  title={Predicting Customer Churn: Extreme Gradient Boosting with Temporal Data},
  author={Gregory, Bryan},
  journal={arXiv preprint arXiv: 1802.03396},
  volume={},
  number={},
  pages={},
  year={2018},
  publisher={Elsevier}
}

@inproceedings{PredictionWithEventFrequency,
  title={Predicting player disengagement and first purchase with event-frequency based data representation},
  author={H. Xie and S. Devlin and D. Kudenko and P. Cowling},
  booktitle={2015 IEEE conference on Computational Intelligence and Games},
  pages={230--237},
  year={2015},
  organization={IEEE}
}